@phdthesis{Silva1994a,
  author    = {e Silva, Tom{\'a}s Oliveira},
  month     = apr,
  school    = {University of Aveiro},
  title     = {Sobre os filtros de {{Kautz}} e sua utiliza\c{c}\~ao na aproxima\c{c}\~ao de sistemas lineares invariantes no tempo},
  url       = {http://hdl.handle.net/10773/4641},
  year      = {1994},
}

@misc{Silva2012a,
  author    = {e Silva, Tom{\'a}s Oliveira},
  title     = {{{UA}} thesis {{\LaTeX}}\ style file},
  url       = {http://sweet.ua.pt/tos/TeX/ua_thesis.tgz},
  year      = {2012},
}

@mastersthesis{Antunes2015a,
  author    = {Antunes, Rui},
  month     = jul,
  school    = {University of Aveiro},
  title     = {Genomics music},
  type      = {{Master's thesis}},
  url       = {http://hdl.handle.net/10773/18866},
  year      = {2015},
}

@article{Antunes2019a,
  author    = {Antunes, Rui and Matos, S{\'e}rgio},
  journal   = {Database},
  month     = oct,
  number    = {baz095},
  note      = {{Oxford University Press}},
  title     = {Extraction of chemical--protein interactions from the literature using neural networks and narrow instance representation},
  url       = {https://doi.org/10.1093/database/baz095},
  volume    = {2019},
  year      = {2019},
}

@inproceedings{Antunes2020a,
  author    = {Antunes, Rui and Silva, Jo{\~a}o Figueira and Matos, S{\'e}rgio},
  booktitle = {35th {{Annual ACM Symposium}} on {{Applied Computing}}},
  month     = mar,
  pages     = {662--669},
  publisher = {{ACM}},
  title     = {Evaluating semantic textual similarity in clinical sentences using deep learning and sentence embeddings},
  url       = {https://doi.org/10.1145/3341105.3373987},
  venue     = {{online}},
  year      = {2020},
}
